<record><leader>00000cas a2200000 a 4500</leader><controlfield tag="001">4042100</controlfield><controlfield tag="008">780711c18919999ohumr ne      0   a0eng c</controlfield><datafield ind1=" " ind2=" " tag="010"><subfield code="a">sn 81000932 </subfield><subfield code="z">sn 83035605 </subfield></datafield><datafield ind1=" " ind2=" " tag="040"><subfield code="a">MUL</subfield><subfield code="b">eng</subfield><subfield code="c">MUL</subfield><subfield code="d">NSD</subfield><subfield code="d">DLC</subfield><subfield code="d">OCL</subfield><subfield code="d">YOX</subfield><subfield code="d">NSD</subfield><subfield code="d">ONP</subfield><subfield code="d">CRL</subfield><subfield code="d">EYM</subfield><subfield code="d">NYS</subfield><subfield code="d">OCL</subfield><subfield code="d">NYS</subfield><subfield code="d">KRTAS</subfield><subfield code="d">OCLCQ</subfield><subfield code="d">OCLCF</subfield><subfield code="d">OCLCO</subfield><subfield code="d">OCLCA</subfield></datafield><datafield ind1=" " ind2=" " tag="012"><subfield code="b">3</subfield><subfield code="i">9502</subfield><subfield code="l">1</subfield><subfield code="m">1</subfield></datafield><datafield ind1=" " ind2=" " tag="019"><subfield code="a">9941611</subfield></datafield><datafield ind1="1" ind2=" " tag="022"><subfield code="a">0009-8779</subfield><subfield code="l">0009-8779</subfield><subfield code="2">1</subfield></datafield><datafield ind1="1" ind2=" " tag="029"><subfield code="a">AU@</subfield><subfield code="b">000020555902</subfield></datafield><datafield ind1=" " ind2=" " tag="032"><subfield code="a">117620</subfield><subfield code="b">USPS</subfield></datafield><datafield ind1=" " ind2=" " tag="037"><subfield code="b">The Cleveland Citizen, 2012 W. 25th St., #513, Cleveland, OH 44113</subfield></datafield><datafield ind1=" " ind2=" " tag="042"><subfield code="a">nsdp</subfield><subfield code="a">pcc</subfield></datafield><datafield ind1=" " ind2=" " tag="043"><subfield code="a">n-us-oh</subfield></datafield><datafield ind1=" " ind2=" " tag="090"><subfield code="a">HD6517.O3</subfield><subfield code="b">C54</subfield></datafield><datafield ind1=" " ind2="4" tag="222"><subfield code="a">The Cleveland citizen</subfield></datafield><datafield ind1="0" ind2="4" tag="245"><subfield code="a">The Cleveland citizen.</subfield></datafield><datafield ind1=" " ind2=" " tag="260"><subfield code="a">Cleveland [Ohio] :</subfield><subfield code="b">Citizen Pub. Co.</subfield></datafield><datafield ind1=" " ind2=" " tag="300"><subfield code="a">v.</subfield></datafield><datafield ind1=" " ind2=" " tag="310"><subfield code="a">Monthly,</subfield><subfield code="b">&lt;June 12, 1992-&gt;</subfield></datafield><datafield ind1=" " ind2=" " tag="321"><subfield code="a">Weekly,</subfield><subfield code="b">Jan. 31, 1891-Feb. 21, 1975</subfield></datafield><datafield ind1=" " ind2=" " tag="321"><subfield code="a">Semimonthly,</subfield><subfield code="b">Mar. 7, 1975-Dec. 18, 1981</subfield></datafield><datafield ind1=" " ind2=" " tag="321"><subfield code="a">Semimonthly (Mar.-June, Sept. &amp; Dec.); Monthly (Jan.-Feb., July-Aug., Oct.-Nov.),</subfield><subfield code="b">Jan. 15, 1982-&lt;Dec. 19, 1986&gt;</subfield></datafield><datafield ind1="1" ind2=" " tag="362"><subfield code="a">Began Jan. 31, 1891.</subfield></datafield><datafield ind1=" " ind2=" " tag="500"><subfield code="a">"Labor omnia vincit."</subfield></datafield><datafield ind1=" " ind2=" " tag="515"><subfield code="a">&lt;Vol. 8, no. 19 (June 5, 1897)-v. 31, no. 48 (Dec. 31, 1921)&gt; also called whole no. &lt;332-1614&gt;.</subfield></datafield><datafield ind1=" " ind2=" " tag="530"><subfield code="a">Also issued on microfilm from the State Historical Society of Wisconsin, and the New York Public Library.</subfield></datafield><datafield ind1=" " ind2=" " tag="550"><subfield code="a">Issued by the United Trades and Labor Council, through its Board of Control, &lt;1907-Mar. 5, 1910&gt;; "Official Organ of the United Trades and Labor Council," Mar. 12-May 7, 1910.</subfield></datafield><datafield ind1=" " ind2=" " tag="588"><subfield code="a">Description based on: Vol. 1, no. 2 (Feb. 6, 1891).</subfield></datafield><datafield ind1=" " ind2=" " tag="588"><subfield code="a">Latest issue consulted: 102nd year, no. 6 (June 12, 1992).</subfield></datafield><datafield ind1=" " ind2="0" tag="650"><subfield code="a">Labor unions</subfield><subfield code="z">Ohio</subfield><subfield code="z">Cleveland</subfield><subfield code="v">Newspapers.</subfield></datafield><datafield ind1=" " ind2="0" tag="651"><subfield code="a">Cleveland (Ohio)</subfield><subfield code="v">Newspapers.</subfield></datafield><datafield ind1=" " ind2="0" tag="651"><subfield code="a">Cuyahoga County (Ohio)</subfield><subfield code="v">Newspapers.</subfield></datafield><datafield ind1=" " ind2="7" tag="655"><subfield code="a">Newspapers.</subfield><subfield code="2">fast</subfield><subfield code="0">(OCoLC)fst01423814</subfield></datafield><datafield ind1=" " ind2="7" tag="650"><subfield code="a">Labor unions.</subfield><subfield code="2">fast</subfield><subfield code="0">(OCoLC)fst00990260</subfield></datafield><datafield ind1=" " ind2="7" tag="651"><subfield code="a">Ohio</subfield><subfield code="z">Cleveland.</subfield><subfield code="2">fast</subfield><subfield code="0">(OCoLC)fst01205966</subfield></datafield><datafield ind1=" " ind2="7" tag="651"><subfield code="a">Ohio</subfield><subfield code="z">Cuyahoga County.</subfield><subfield code="2">fast</subfield><subfield code="0">(OCoLC)fst01202752</subfield></datafield><datafield ind1="2" ind2=" " tag="710"><subfield code="a">Cleveland Building and Construction Trades Council.</subfield></datafield><datafield ind1="2" ind2=" " tag="710"><subfield code="a">United Trades and Labor Council.</subfield></datafield><datafield ind1=" " ind2=" " tag="752"><subfield code="a">United States</subfield><subfield code="b">Ohio</subfield><subfield code="c">Cuyahoga</subfield><subfield code="d">Cleveland.</subfield></datafield><datafield ind1="0" ind2="5" tag="780"><subfield code="t">Cleveland union leader</subfield><subfield code="w">(OCoLC)9992968</subfield></datafield><datafield ind1=" " ind2=" " tag="850"><subfield code="a">MiU</subfield></datafield><datafield ind1=" " ind2=" " tag="938"><subfield code="a">Kirtas Technologies, Inc.</subfield><subfield code="b">KRTS</subfield><subfield code="n">735795</subfield></datafield></record>